
@online{ibmq,
    title = {{IBM Quantum Experience}},
    author = {{IBM Corporation}},
    year = 2016,
    url = {https://quantumexperience.ng.bluemix.net/},
    urldate = {2018-11-01}
}

@online{qiskit,
    title = {{Qiskit}},
    author = {{IBM Corporation}},
    year = 2016,
    url = {https://qiskit.org/},
    urldate = {2018-11-01}
}

@online{cirq,
    title = {{Cirq}},
    author = {{Google Inc.}},
    year = 2018,
    url = {https://cirq.readthedocs.io/en/latest/},
    urldate = {2018-11-01}
}

@website{braket,
    title = {{Amazon Braket}},
    author = {{Amazon Web Services}},
    year = 2020,
    url = {https://aws.amazon.com/braket/}
}

@article{pennylane,
    title = {Pennylane: Automatic differentiation of hybrid quantum-classical computations},
    author = {
        Bergholm, Ville and Izaac, Josh and Schuld, Maria and Gogolin, Christian and Ahmed,
        Shahnawaz and Ajith, Vishnu and Alam, M Sohaib and Alonso-Linaje, Guillermo and
        AkashNarayanan, B and Asadi, Ali and others
    },
    year = 2018,
    doi = {10.48550/arXiv.1811.04968},
    journal = {arXiv preprint arXiv:1811.04968}
}

@software{cuquantum,
    title = {NVIDIA/cuQuantum: cuQuantum v22.03.0},
    author = {{NVIDIA cuQuantum team}},
    year = 2022,
    month = mar,
    publisher = {Zenodo},
    doi = {10.5281/zenodo.6385575},
    url = {https://doi.org/10.5281/zenodo.6385575},
    version = {v22.03.0}
}

@article{mcclean2016theory,
    title = {The theory of variational hybrid quantum-classical algorithms},
    author = {McClean, Jarrod R and Romero, Jonathan and Babbush, Ryan and Aspuru-Guzik, Al{\'a}n},
    year = 2016,
    journal = {New Journal of Physics},
    publisher = {IOP Publishing},
    volume = 18,
    number = 2,
    pages = {023023},
    doi = {10.1088/1367-2630/18/2/023023}
}

@article{farhi2014quantum,
    title = {A quantum approximate optimization algorithm},
    author = {Farhi, Edward and Goldstone, Jeffrey and Gutmann, Sam},
    year = 2014,
    journal = {arXiv preprint arXiv:1411.4028},
    doi = {10.48550/arXiv.1411.4028},
}

@article{delgado2021variational,
    title = {Variational quantum algorithm for molecular geometry optimization},
    author = {
        Delgado, Alain and Arrazola, Juan Miguel and Jahangiri, Soran and Niu, Zeyue and Izaac,
        Josh and Roberts, Chase and Killoran, Nathan
    },
    year = 2021,
    journal = {Physical Review A},
    publisher = {APS},
    volume = 104,
    number = 5,
    pages = {052402},
    doi = {10.1103/physreva.104.052402}
}

@software{jax,
    title = {{JAX}: composable transformations of {P}ython+{N}um{P}y programs},
    author = {
        James Bradbury and Roy Frostig and Peter Hawkins and Matthew James Johnson and Chris Leary
        and Dougal Maclaurin and George Necula and Adam Paszke and Jake Vander{P}las and Skye
        Wanderman-{M}ilne and Qiao Zhang
    },
    year = 2018,
    url = {http://github.com/google/jax},
    version = {0.3.13}
}

@software{lightning,
    title = {{PennyLane Lightning}: fast state-vector simulators written in {C}++},
    year = 2023,
    url = {http://github.com/pennylane/pennylane-lightning},
    version = {0.33.1}
}

@inproceedings{llvm,
    title = {{LLVM}: A Compilation Framework for Lifelong Program Analysis and Transformation},
    author = {Chris Lattner and Vikram Adve},
    year = 2004,
    month = {Mar},
    booktitle = {2004 {{IEEE/ACM}} International Symposium on Code Generation and Optimization (CGO)},
    address = {San Jose, CA, USA},
    pages = {75--88},
    doi = {10.1109/CGO.2004.1281665},
}

@inproceedings{mlir,
    title = {{{MLIR}}: Scaling Compiler Infrastructure for Domain Specific Computation},
    author = {
        Lattner, Chris and Amini, Mehdi and Bondhugula, Uday and Cohen, Albert and Davis, Andy and
        Pienaar, Jacques and Riddle, River and Shpeisman, Tatiana and Vasilache, Nicolas and
        Zinenko, Oleksandr
    },
    year = 2021,
    booktitle = {2021 {{IEEE/ACM}} International Symposium on Code Generation and Optimization (CGO)},
    volume = {},
    number = {},
    pages = {2--14},
    doi = {10.1109/CGO51591.2021.9370308},
}

@article{borealis,
    title = {Quantum computational advantage with a programmable photonic processor},
    author = {
        Madsen, Lars S and Laudenbach, Fabian and Askarani, Mohsen Falamarzi and Rortais, Fabien
        and Vincent, Trevor and Bulmer, Jacob FF and Miatto, Filippo M and Neuhaus, Leonhard and
        Helt, Lukas G and Collins, Matthew J and Adriana E. Lita and Thomas Gerrits and Sae Woo Nam
        and Varun D. Vaidya and Matteo Menotti and Ish Dhand and Zachary Vernon and Nicol√°s Quesada
        and Jonathan Lavoie 
    },
    year = 2022,
    journal = {Nature},
    publisher = {Nature Publishing Group UK London},
    volume = 606,
    number = 7912,
    pages = {75--81},
    doi = {10.1038/s41586-022-04725-x},
}

@inproceedings{enzyme,
    title = {
        Instead of Rewriting Foreign Code for Machine Learning, Automatically Synthesize Fast
        Gradients
    },
    author = {Moses, William and Churavy, Valentin},
    year = 2020,
    booktitle = {Advances in Neural Information Processing Systems},
    publisher = {Curran Associates, Inc.},
    volume = 33,
    pages = {12472--12485},
    url = {https://proceedings.neurips.cc/paper/2020/file/9332c513ef44b682e9347822c2e457ac-Paper.pdf},
    editor = {H. Larochelle and M. Ranzato and R. Hadsell and M. F. Balcan and H. Lin}
}

@manual{qir,
    title = {{QIR Specification}},
    author = {{QIR Alliance}},
    year = 2021,
    url = {https://github.com/qir-alliance/qir-spec},
    note = {Also see \url{https://qir-alliance.org}}
}

@article{wierichs2021general,
    title = {General parameter-shift rules for quantum gradients},
    author = {Wierichs, David and Izaac, Josh and Wang, Cody and Lin, Cedric Yen-Yu},
    year = 2022,
    month = mar,
    journal = {{Quantum}},
    publisher = {{Verein zur F{\"{o}}rderung des Open Access Publizierens in den Quantenwissenschaften}},
    volume = 6,
    pages = 677,
    doi = {10.22331/q-2022-03-30-677},
    issn = {2521-327X},
    url = {https://doi.org/10.22331/q-2022-03-30-677}
}

@article{schuld2018gradients,
    title = {Evaluating analytic gradients on quantum hardware},
    author = {Schuld, Maria and Bergholm, Ville and Gogolin, Christian and Izaac, Josh and Killoran, Nathan},
    year = 2019,
    journal = {Physical Review A},
    publisher = {APS},
    volume = 99,
    number = 3,
    pages = {032331},
    doi = {10.1103/physreva.99.032331}
}

@article{moldovan2018autograph,
    title = {AutoGraph: Imperative-style Coding with Graph-based Performance},
    author = {
        Moldovan, Dan and Decker, James M and Wang, Fei and Johnson, Andrew A and Lee, Brian K and
        Nado, Zachary and Sculley, D and Rompf, Tiark and Wiltschko, Alexander B
    },
    year = 2018,
    journal = {arXiv preprint arXiv:1810.08061},
    doi = {10.48550/arXiv.1810.08061},
}

@article{blondel2022efficient,
    title = {Efficient and modular implicit differentiation},
    author = {
        Blondel, Mathieu and Berthet, Quentin and Cuturi, Marco and Frostig, Roy and Hoyer, Stephan
        and Llinares-L{\'o}pez, Felipe and Pedregosa, Fabian and Vert, Jean-Philippe
    },
    year = 2022,
    journal = {Advances in neural information processing systems},
    volume = 35,
    pages = {5230--5242}
}

@website{demos,
    title = {{PennyLane Demos}},
    author = {{Xanadu}},
    year = 2018,
    url = {https://pennylane.ai/qml/demonstrations},
}
